@incollection{dhasaradhan2021hybrid,
  title={Hybrid machine learning model using decision tree and support vector machine for diabetes identification},
  author={Dhasaradhan, K. and Jaichandran, R. and Shunmuganathan, KL. and Usha Kiruthika, S and Rajaprakash, S.},
  booktitle={Data Engineering and Intelligent Computing},
  pages={293--305},
  year={2021},
  publisher={Springer}
}

@inproceedings{bansal2021performance,
  title={Performance analysis of supervised machine learning algorithms for diabetes and breast cancer dataset},
  author={Bansal, Aayushi and Singhrova, Anita},
  booktitle={2021 International Conference on Artificial Intelligence and Smart Systems (ICAIS)},
  pages={137--143},
  year={2021},
  organization={IEEE}
}

@article{reddy2020predictive,
  title={Predictive machine learning model for early detection and analysis of diabetes},
  author={Reddy, D Jashwanth and Mounika, B and Sindhu, S and Reddy, T Pranayteja and Reddy, N Sagar and Sri, G Jyothsna and Swaraja, K and Meenakshi, K and Kora, Padmavathi},
  journal={Materials Today: Proceedings},
  year={2020},
  publisher={Elsevier}
}